<record><leader>00000cas a2200000 a 4500</leader><controlfield tag="001">31044137</controlfield><controlfield tag="007">hd afu---baca</controlfield><controlfield tag="008">940901d18451880ohudn nea     0    0eng c</controlfield><datafield ind1=" " ind2=" " tag="010"><subfield code="a">sn 94043540 </subfield></datafield><datafield ind1=" " ind2=" " tag="040"><subfield code="a">WAU</subfield><subfield code="b">eng</subfield><subfield code="c">WAU</subfield><subfield code="d">OCL</subfield><subfield code="d">BUF</subfield><subfield code="d">OCLCQ</subfield><subfield code="d">OCLCF</subfield><subfield code="d">OCLCO</subfield></datafield><datafield ind1="1" ind2=" " tag="029"><subfield code="a">AU@</subfield><subfield code="b">000025901703</subfield></datafield><datafield ind1=" " ind2=" " tag="042"><subfield code="a">pcc</subfield></datafield><datafield ind1=" " ind2=" " tag="043"><subfield code="a">n-us-oh</subfield></datafield><datafield ind1="1" ind2="4" tag="050"><subfield code="a">AN271</subfield><subfield code="b">.C63</subfield></datafield><datafield ind1="0" ind2=" " tag="130"><subfield code="a">Cleveland daily plain dealer (Cleveland, Ohio : 1845)</subfield></datafield><datafield ind1="1" ind2="0" tag="245"><subfield code="a">Cleveland daily plain dealer</subfield><subfield code="h">[microform].</subfield></datafield><datafield ind1="1" ind2="3" tag="246"><subfield code="a">Cleveland plain dealer</subfield></datafield><datafield ind1=" " ind2=" " tag="260"><subfield code="a">Cleveland [Ohio] :</subfield><subfield code="b">J.W. Gray,</subfield><subfield code="c">1845-1880.</subfield></datafield><datafield ind1=" " ind2=" " tag="300"><subfield code="a">v.</subfield></datafield><datafield ind1=" " ind2=" " tag="310"><subfield code="a">Daily (except Sun.)</subfield></datafield><datafield ind1="0" ind2=" " tag="362"><subfield code="a">Vol. 1, no. 1 (Apr. 7, 1845)-v. 36, no. 62 (Mar. 13, 1880).</subfield></datafield><datafield ind1=" " ind2=" " tag="500"><subfield code="a">"Democratic."</subfield></datafield><datafield ind1=" " ind2=" " tag="515"><subfield code="a">Issues for Jan. 13-18, 1851 misdated Jan. 12-17.</subfield></datafield><datafield ind1=" " ind2=" " tag="515"><subfield code="a">Suspended: Mar. 7-Apr. 25, 1865.</subfield></datafield><datafield ind1=" " ind2=" " tag="555"><subfield code="a">Subject and personal name index: 1845-1868. 24 v.; 1873-1876. 5 v.</subfield></datafield><datafield ind1=" " ind2=" " tag="580"><subfield code="a">Morning ed.: Cleveland morning plain dealer.</subfield></datafield><datafield ind1=" " ind2=" " tag="580"><subfield code="a">Campaign eds.: Campaign dealer (Cleveland, Ohio: 1852), and: Campaign dealer (Cleveland, Ohio : 1856), and: Campaign plain dealer. And popular sovereignty advocate.</subfield></datafield><datafield ind1=" " ind2=" " tag="580"><subfield code="a">Triweekly eds.: Plain dealer (Cleveland, Ohio : 1852), 18uu-185u; and: Cleveland plain dealer (Cleveland, Ohio : 1855), 185u-18uu; and: Cleveland tri-weekly plain dealer, 18uu-1880.</subfield></datafield><datafield ind1=" " ind2=" " tag="580"><subfield code="a">Weekly eds.: Cleveland plain dealer (Cleveland, Ohio : 1843), 1845-1853; and: Cleveland weekly plain dealer (Cleveland, Ohio : 1854), 1854-18uu; and: Weekly plain dealer (Cleveland, Ohio), 18uu-1880.</subfield></datafield><datafield ind1=" " ind2=" " tag="533"><subfield code="a">Microfilm.</subfield><subfield code="b">Ann Arbor, Mich. :</subfield><subfield code="c">University Microfilms International.</subfield><subfield code="e">microfilm reels ; 35 mm.</subfield></datafield><datafield ind1=" " ind2="0" tag="651"><subfield code="a">Cleveland (Ohio)</subfield><subfield code="v">Newspapers.</subfield></datafield><datafield ind1=" " ind2="0" tag="651"><subfield code="a">Cuyahoga County (Ohio)</subfield><subfield code="v">Newspapers.</subfield></datafield><datafield ind1=" " ind2="7" tag="655"><subfield code="a">Newspapers.</subfield><subfield code="2">fast</subfield><subfield code="0">(OCoLC)fst01423814</subfield></datafield><datafield ind1=" " ind2="7" tag="651"><subfield code="a">Ohio</subfield><subfield code="z">Cleveland.</subfield><subfield code="2">fast</subfield><subfield code="0">(OCoLC)fst01205966</subfield></datafield><datafield ind1=" " ind2="7" tag="651"><subfield code="a">Ohio</subfield><subfield code="z">Cuyahoga County.</subfield><subfield code="2">fast</subfield><subfield code="0">(OCoLC)fst01202752</subfield></datafield><datafield ind1=" " ind2=" " tag="752"><subfield code="a">United States</subfield><subfield code="b">Ohio</subfield><subfield code="c">Cuyahoga</subfield><subfield code="d">Cleveland.</subfield></datafield><datafield ind1="1" ind2=" " tag="775"><subfield code="t">Cleveland morning plain dealer</subfield></datafield><datafield ind1="1" ind2=" " tag="775"><subfield code="t">Campaign dealer (Cleveland, Ohio : 1852)</subfield></datafield><datafield ind1="1" ind2=" " tag="775"><subfield code="t">Campaign dealer (Cleveland, Ohio : 1856)</subfield></datafield><datafield ind1="1" ind2=" " tag="775"><subfield code="t">Campaign plain dealer. And popular sovereignty advocate</subfield></datafield><datafield ind1="1" ind2=" " tag="775"><subfield code="t">Plain dealer (Cleveland, Ohio : 1852)</subfield></datafield><datafield ind1="1" ind2=" " tag="775"><subfield code="t">Cleveland plain dealer (Cleveland, Ohio : 1855)</subfield></datafield><datafield ind1="1" ind2=" " tag="775"><subfield code="t">Cleveland tri-weekly plain dealer</subfield></datafield><datafield ind1="1" ind2=" " tag="775"><subfield code="t">Cleveland plain dealer (Cleveland, Ohio : 1843)</subfield></datafield><datafield ind1="1" ind2=" " tag="775"><subfield code="t">Weekly plain dealer (Cleveland, Ohio)</subfield></datafield><datafield ind1="1" ind2=" " tag="775"><subfield code="t">Cleveland weekly plain dealer (Cleveland, Ohio : 1854)</subfield></datafield><datafield ind1="1" ind2=" " tag="776"><subfield code="c">Original</subfield><subfield code="w">(DLC)sn 83045521</subfield><subfield code="w">(OCoLC)9516078</subfield></datafield><datafield ind1="0" ind2="5" tag="780"><subfield code="t">Daily Cleveland times</subfield></datafield><datafield ind1="0" ind2="0" tag="785"><subfield code="t">Cleveland plain dealer (Cleveland, Ohio : 1880)</subfield></datafield></record>